% This file was created with JabRef 2.9.2.
% Encoding: Cp1252

@article{satellite_micius,
  title={China’s quantum satellite clears major hurdle on way to ultrasecure communications},
  author={Castelvecchi, Davide},
  journal={Nature},
  volume={15},
  year={2017}
}

@article{ekert_error_correction,
  title={Error correction in quantum communication},
  author={Ekert, Artur and Macchiavello, Chiara},
  journal={arXiv preprint quant-ph/9602022},
  year={1996}
}

@article{raaphorst2003reed,
  title={Reed-muller codes},
  author={Raaphorst, Sebastian},
  journal={Carleton University, May},
  volume={9},
  year={2003},
  publisher={Citeseer}
}

@book{van_CodingTheory,
  title={Introduction to coding theory},
  author={Van Lint, Jacobus Hendricus},
  volume={86},
  year={2012},
  publisher={Springer Science \& Business Media}
}

@article{klap_HamSingletonBound,
  title={On subsystem codes beating the quantum Hamming or Singleton bound},
  author={Klappenecker, Andreas and Sarvepalli, Pradeep Kiran},
  journal={Proceedings of the Royal Society A: Mathematical, Physical and Engineering Sciences},
  volume={463},
  number={2087},
  pages={2887--2905},
  year={2007},
  publisher={The Royal Society London}
}

@book{hankerson2000coding,
  title={Coding theory and cryptography: the essentials},
  author={Hankerson, DC and Hoffman, Gary and Leonard, Douglas A and Lindner, Charles C and Phelps, Kevin T and Rodger, Chris A and Wall, James R},
  year={2000},
  publisher={CRC Press}
}

@article{cleve1997efficient,
  title={Efficient computations of encodings for quantum error correction},
  author={Cleve, Richard and Gottesman, Daniel},
  journal={Physical Review A},
  volume={56},
  number={1},
  pages={76},
  year={1997},
  publisher={APS}
}

@article{google_quantum,
  title={Hello quantum world! Google publishes landmark quantum supremacy claim},
  author={Gibney, Elizabeth},
  journal={Nature},
  volume={574},
  number={7779},
  pages={461--463},
  year={2019},
  publisher={Nature Publishing Group}
}

@ARTICLE{Rengaswamy,  
author={Rengaswamy, Narayanan and Calderbank, Robert and Newman, Michael and Pfister, Henry D.},  
journal={IEEE Journal on Selected Areas in Information Theory},   
title={On Optimality of CSS Codes for Transversal T},   
year={2020},  
volume={1},  
number={2},  
pages={499-514},  
doi={10.1109/JSAIT.2020.3012914}}

@article{computingchina,
  title={Phase-programmable gaussian boson sampling using stimulated squeezed light},
  author={Zhong, Han-Sen and Deng, Yu-Hao and Qin, Jian and Wang, Hui and Chen, Ming-Cheng and Peng, Li-Chao and Luo, Yi-Han and Wu, Dian and Gong, Si-Qiu and Su, Hao and others},
  journal={Physical review letters},
  volume={127},
  number={18},
  pages={180502},
  year={2021},
  publisher={APS}
}

@article{6g_Vison,
  title={The shift to 6G communications: vision and requirements},
  author={Akhtar, Muhammad Waseem and Hassan, Syed Ali and Ghaffar, Rizwan and Jung, Haejoon and Garg, Sahil and Hossain, M Shamim},
  journal={Human-centric Computing and Information Sciences},
  volume={10},
  number={1},
  pages={1-27},
  year={2020},
  publisher={Springer}
}

@inproceedings{anwar2021smallest,
  title={The smallest perfect quantum accumulate codes},
  author={Anwar, Khoirul and Ramadhan, Mujib},
  booktitle={2021 26th IEEE Asia-Pacific Conference on Communications (APCC)},
  pages={229--234},
  year={2021},
  organization={IEEE}
}

@inproceedings{sberlo2020performance,
  title={On the performance of Reed-Muller codes with respect to random errors and erasures},
  author={Sberlo, Ori and Shpilka, Amir},
  booktitle={Proceedings of the Fourteenth Annual ACM-SIAM Symposium on Discrete Algorithms},
  pages={1357--1376},
  year={2020},
  organization={SIAM}
}

@article{kudekar2017reed,
  title={Reed--Muller codes achieve capacity on erasure channels},
  author={Kudekar, Shrinivas and Kumar, Santhosh and Mondelli, Marco and Pfister, Henry D and {\c{S}}a{\c{s}}oǧlu, Eren and Urbanke, R{\"u}diger L},
  journal={IEEE Transactions on information theory},
  volume={63},
  number={7},
  pages={4298--4316},
  year={2017},
  publisher={IEEE}
}

@article{abbe2020reed,
  title={Reed-Muller codes polarize},
  author={Abbe, Emmanuel and Ye, Min},
  journal={IEEE Transactions on Information Theory},
  volume={66},
  number={12},
  pages={7311--7332},
  year={2020},
  publisher={IEEE}
}

@article{fujiwara2014ability,
  title={Ability of stabilizer quantum error correction to protect itself from its own imperfection},
  author={Fujiwara, Yuichiro},
  journal={Physical Review A},
  volume={90},
  number={6},
  pages={062304},
  year={2014},
  publisher={APS}
}

@ARTICLE{Imre,  author={Imre, Sandor},  journal={IEEE Communications Magazine},   title={Quantum communications: explained for communication engineers},   year={2013},  volume={51},  number={8},  pages={28-35},  doi={10.1109/MCOM.2013.6576335}}

@article{muller1954application,
  title={Application of Boolean algebra to switching circuit design and to error detection},
  author={Muller, David E},
  journal={Transactions of the IRE professional group on electronic computers},
  number={3},
  pages={6--12},
  year={1954},
  publisher={IEEE}
}

@techreport{reed1953class,
  title={A class of multiple-error-correcting codes and the decoding scheme},
  author={Reed, Irving S},
  year={1953},
  institution={Massachusetts Inst of Tech Lexington Lincoln Lab}
}

@article{CostelloChannel,
  title={Channel coding: The road to channel capacity},
  author={Costello, Daniel J and Forney, G David},
  journal={Proceedings of the IEEE},
  volume={95},
  number={6},
  pages={1150--1177},
  year={2007},
  publisher={IEEE}
}

@article{abbe2015reed,
  title={Reed--Muller codes for random erasures and errors},
  author={Abbe, Emmanuel and Shpilka, Amir and Wigderson, Avi},
  journal={IEEE Transactions on Information Theory},
  volume={61},
  number={10},
  pages={5229--5252},
  year={2015},
  publisher={IEEE}
}

@book{lidar_brun,
  title={Quantum error correction},
  author={Lidar, Daniel A and Brun, Todd A},
  year={2013},
  publisher={Cambridge university press}
}

@book{moreloszaragoza,
  title={The art of error correcting coding},
  author={Morelos-Zaragoza, Robert H},
  year={2006},
  publisher={John Wiley \& Sons}
}

@ARTICLE{RMAchieveBEC,  
author={Kudekar, Shrinivas and Kumar, Santhosh and Mondelli, Marco and Pfister, Henry D. and Şaşoǧlu, Eren and Urbanke, Rüdiger L.},  
journal={IEEE Transactions on Information Theory},   title={Reed–Muller Codes Achieve Capacity on Erasure Channels},   
year={2017},  
volume={63},  
number={7},  
pages={4298-4316},  
doi={10.1109/TIT.2017.2673829}}

@ARTICLE{RMSteane,  
author={Steane, A.M.},  
journal={IEEE Transactions on Information Theory},   
title={Quantum Reed-Muller codes},   
year={1999},  
volume={45},  
number={5},  
pages={1701-1703},  
doi={10.1109/18.771249}}

@article{RMAchieveBMS,
  author    = {Galen Reeves and
               Henry D. Pfister},
  title     = {Reed-Muller Codes Achieve Capacity on {BMS} Channels},
  journal   = {CoRR},
  volume    = {abs/2110.14631},
  year      = {2021},
  url       = {https://arxiv.org/abs/2110.14631},
  eprinttype = {arXiv},
  eprint    = {2110.14631},
  timestamp = {Fri, 29 Oct 2021 10:49:32 +0200},
  biburl    = {https://dblp.org/rec/journals/corr/abs-2110-14631.bib},
  bibsource = {dblp computer science bibliography, https://dblp.org}
}

@ARTICLE{Zhang,  
author={Zhang, Zhengquan and Xiao, Yue and Ma, Zheng and Xiao, Ming and Ding, Zhiguo and Lei, Xianfu and Karagiannidis, George K. and Fan, Pingzhi},  
journal={IEEE Vehicular Technology Magazine},   
title={6G Wireless Networks: Vision, Requirements, Architecture, and Key Technologies},   
year={2019},  
volume={14},  
number={3},  
pages={28-41}
}

@article{Roffe2019,
archivePrefix = {arXiv},
arxivId = {1907.11157},
author = {Roffe, Joschka},
doi = {10.1080/00107514.2019.1667078},
eprint = {1907.11157},
file = {:D\:/Thesis/QUANTUM REFERENCE/Quantum Ebook/kuantum/Quantum Error Correction An Introductory Guide.pdf:pdf},
issn = {13665812},
journal = {Contemporary Physics},
keywords = {Quantum computing,quantum error correction,stabiliser codes,surface codes},
number = {3},
pages = {226--245},
title = {{Quantum error correction: an introductory guide}},
volume = {60},
year = {2019}
}


@article{Steane2006,
author = {Steane, Andrew M},
file = {:D\:/ErrorCorrectionSteane06.pdf:pdf},
journal = {Proceedings},
title = {{A Tutorial on Quantum Error Correction}},
volume = {32},
year = {2006}
}

@phdthesis{quantumph,
author = {Daniel,Gottesman},
title = {Stabilizer Codes and Quantum Error Correction},
school = {California Institute of Technologyt},
year = {1997},
}

@article{Anwar2021,
author = {Anwar, Eng Khoirul and Eng, M},
file = {:C\:/Users/melin/Downloads/13_Quantum_Communications.pdf:pdf},
number = {June},
title = {{Introduction to Quantum Communications for 6G The Quantum Communications in 6G}},
year = {2021}
}

@article{Andrist2012,
author = {Andrist, Ruben Sarard},
file = {:D\:/Thesis/surface/eth-6415-02 (3).pdf:pdf},
title = {{Understanding topological quantum error-correction codes using classical spin models}},
url = {http://e-collection.library.ethz.ch/view/eth:6415},
year = {2012}
}


@phdthesis{Bsc.2011,
author = {Bsc., Andrew Bolt},
file = {:D\:/Thesis/QUANTUM REFERENCE/Quantum Ebook/measurement based fault tolerant error correcting quantum codes on foliated cluster states ( PDFDrive ).pdf:pdf},
number = {2},
title = {{Measurement Based Fault Tolerant Error Correcting Quantum Codes On Foliated Cluster States}},
volume = {3},
year = {2011}
}


@article{,
file = {:D\:/Thesis/QUANTUM REFERENCE/kuantum/RalphsStablizerCode.r1.pdf:pdf},
pages = {1--5},
title = {{Ralph's stabilizer code Quantum}}
}


@book{HayashiMasahitoIshizakaSatoshiKawachiAkinoriKimuraGen2012,
author = {{Hayashi Masahito, Ishizaka Satoshi, Kawachi Akinori, Kimura Gen}, Ogawa Tomohiro},
doi = {10.1007/978-3-662-43502-1},
file = {:D\:/Thesis/QUANTUM REFERENCE/Quantum Ebook/Introduction to Quantum Information Science ( PDFDrive ).pdf:pdf},
isbn = {9783662435014},
publisher = {Springer Heidelberg New York Dordrecht London Library},
title = {{Introduction to Quantum Information Science}},
year = {2012}
}


@article{Anwar2021,
author = {Anwar, Eng Khoirul},
file = {:C\:/Users/melin/Downloads/13_Quantum_Communications.pdf:pdf},
number = {June},
title = {{Introduction to Quantum Communications for 6G The Quantum Communications in 6G}},
year = {2021}
}


@article{Ball2020,
archivePrefix = {arXiv},
arxivId = {2007.05992},
author = {Ball, Simeon and Centelles, Aina and Huber, Felix},
eprint = {2007.05992},
file = {:D\:/Thesis/Quantum error-correcting codes and their geometries_dibaca bin (1).pdf:pdf},
number = {July},
pages = {1--70},
title = {{Quantum error-correcting codes and their geometries}},
url = {http://arxiv.org/abs/2007.05992},
volume = {2020},
year = {2020}
}


@article{Lidar2012,
archivePrefix = {arXiv},
arxivId = {1910.03672},
author = {Lidar, Daniel A. and Brun, Todd A.},
doi = {10.1017/CBO9781139034807},
eprint = {1910.03672},
file = {:D\:/Thesis/QC-7-error-correction-1.pdf:pdf},
isbn = {9781139034807},
journal = {Quantum Error Correction},
pages = {1--666},
title = {{Quantum error correction}},
volume = {9780521897},
year = {2012}
}


@book{Djordjevic2012,
author = {Djordjevic, Ivan},
booktitle = {Quantum Information Processing and Quantum Error Correction},
doi = {10.1016/b978-0-12-385491-9.00001-0},
file = {:D\:/Thesis/surface/Quantum Information Processing and Quantum Error Correction. An Engineering Approach ( PDFDrive )(bab2.pdf:pdf},
isbn = {9780123854919},
pages = {1--27},
title = {{Quantum Information Processing and Quantum Error Correction}},
year = {2012},
publisher={Academic Press}
}


@article{Gustavo2018,
author = {Gustavo, Carlos and Fernandez, Rodriguez},
file = {:D\:/Thesis/surface/Intro_Toric_Code.pdf:pdf},
pages = {21--44},
title = {{The Toric Code}},
year = {2018}
}


@article{Gottesman1997,
archivePrefix = {arXiv},
arxivId = {quant-ph/9705052},
author = {Gottesman, Daniel},
eprint = {9705052},
file = {:D\:/Thesis/QUANTUM REFERENCE/stabilzer gottsman.pdf:pdf},
primaryClass = {quant-ph},
title = {{Stabilizer Codes and Quantum Error Correction}},
url = {http://arxiv.org/abs/quant-ph/9705052},
volume = {2008},
year = {1997}
}


@article{Kitaev2003,
archivePrefix = {arXiv},
arxivId = {quant-ph/9707021},
author = {Kitaev, A. Yu},
doi = {10.1016/S0003-4916(02)00018-0},
eprint = {9707021},
file = {:D\:/Thesis/QUANTUM REFERENCE/Fault-tolerant quantum computation by anyons.pdf:pdf},
issn = {00034916},
journal = {Annals of Physics},
number = {1},
pages = {2--30},
primaryClass = {quant-ph},
title = {{Fault-tolerant quantum computation by anyons}},
volume = {303},
year = {2003}
}


@book{Bassoli2021,
author = {Bassoli, Riccardo and Boche, Holger and Deppe, Christian and Ferrara, Roberto and Fitzek, Frank H.P. and Janssen, Gisbert and Saeedinaeeni, Sajad},
booktitle = {Foundations in Signal Processing, Communications and Networking},
doi = {10.1007/978-3-030-62938-0_5},
file = {:D\:/Thesis/Quantum Error Correction by Lidar D.A., Brun T.A. (eds.) (z-lib.org).pdf:pdf},
isbn = {9780521897877},
issn = {18638546},
keywords = {Color code,Error correction,Fault-tolerance,Shor's code,Toric code},
pages = {163--186},
title = {{Quantum Error Correction}},
volume = {23},
year = {2021}
}

@book{TudorD.Stanecu1390,
  title={Introduction to topological quantum matter \& quantum computation},
  author={Stanescu, Tudor D},
  year={2016},
  publisher={CRC Press}
}

 @book{nielsen_chuang_2010, 
 place={Cambridge}, 
 title={Quantum Computation and Quantum Information: 10th Anniversary Edition}, 
 DOI={10.1017/CBO9780511976667}, 
 publisher={Cambridge University Press}, 
 author={Nielsen, Michael A. and Chuang, Isaac L.}, 
 year={2010}}

@article{Fowler2012,
author = {Fowler, Austin G. and Mariantoni, M. and Martinis, J. M. and Cleland, A. N.},
file = {:D\:/Thesis/QUANTUM REFERENCE/Surface codesTowards practical largescale quantum computation.pdf:pdf},
journal = {Phys. Rev. A},
pages = {032324},
title = {{Surface codes: towards large-scale quantum computation}},
url = {https://arxiv.org/ftp/arxiv/papers/1208/1208.0928.pdf},
volume = {86},
year = {2012}
}


@article{Li2020,
archivePrefix = {arXiv},
arxivId = {1905.10228},
author = {Li, Chi Kwong and Lyles, Seth and Poon, Yiu Tung},
doi = {10.1007/s11128-020-02639-z},
eprint = {1905.10228},
file = {:D\:/Thesis/QUANTUM REFERENCE/kuantum/Error correction scheme.pdf:pdf},
isbn = {1112802002},
issn = {15731332},
journal = {Quantum Information Processing},
keywords = {Fully correlated channel,Hybrid quantum error correction code,Quantum error correction},
number = {5},
pages = {1--17},
title = {{Error correction schemes for fully correlated quantum channels protecting both quantum and classical information}},
volume = {19},
year = {2020}
}

@article{Gaitan2009,
author = {Gaitan, Frank},
doi = {10.1007/978-0-387-30440-3},
file = {:C\:/Users/melin/Downloads/front_matter.pdf:pdf},
isbn = {9780387304403},
journal = {Encyclopedia of Complexity and Systems Science},
number = {January 2008},
title = {{Quantum Error Correction and Fault Tolerant Quantum Computing}},
year = {2009}
}

@online{symetri,
    author = "Daniel Garisto",
    title = "The second quantum revolution",
    url  = "https://www.symmetrymagazine.org/article/the-second-quantum-revolution",
    addendum = "(accessed: 04.06.2022)",
    keywords = "quantum"
}

@article{LiaoSatellite,
  title={Satellite-to-ground quantum key distribution},
  author={Liao, Sheng-Kai and Cai, Wen-Qi and Liu, Wei-Yue and Zhang, Liang and Li, Yang and Ren, Ji-Gang and Yin, Juan and Shen, Qi and Cao, Yuan and Li, Zheng-Ping and others},
  journal={Nature},
  volume={549},
  number={7670},
  pages={43--47},
  year={2017},
  publisher={Nature Publishing Group}
}

@article{YinEntanglement,
  title={Entanglement-based secure quantum cryptography over 1,120 kilometres},
  author={Yin, Juan and Li, Yu-Huai and Liao, Sheng-Kai and Yang, Meng and Cao, Yuan and Zhang, Liang and Ren, Ji-Gang and Cai, Wen-Qi and Liu, Wei-Yue and Li, Shuang-Lin and others},
  journal={Nature},
  volume={582},
  number={7813},
  pages={501--505},
  year={2020},
  publisher={Nature Publishing Group}
}

@INPROCEEDINGS{SurveyDepolarizing,  
author={Srinivasan, Gokul and Borah, Shantom Kumar and Bitragunta, Sainath},  booktitle={2021 IEEE International Conference on Electronics, Computing and Communication Technologies (CONECCT)},   
title={Superdense Coding Through Repeaterless Hybrid Network of Depolarizing Quantum Communication Channels},   
year={2021},  
volume={},  
number={},  
pages={1-6},  
doi={10.1109/CONECCT52877.2021.9622362}}

@article{LiaoSpace,
  title={Space-to-ground quantum key distribution using a small-sized payload on Tiangong-2 space lab},
  author={Liao, Sheng-Kai and Lin, Jin and Ren, Ji-Gang and Liu, Wei-Yue and Qiang, Jia and Yin, Juan and Li, Yang and Shen, Qi and Zhang, Liang and Liang, Xue-Feng and others},
  journal={Chinese Physics Letters},
  volume={34},
  number={9},
  pages={090302},
  year={2017},
  publisher={IOP Publishing}
}

@article{YinSatellite,
  title={Satellite-to-ground entanglement-based quantum key distribution},
  author={Yin, Juan and Cao, Yuan and Li, Yu-Huai and Ren, Ji-Gang and Liao, Sheng-Kai and Zhang, Liang and Cai, Wen-Qi and Liu, Wei-Yue and Li, Bo and Dai, Hui and others},
  journal={Physical review letters},
  volume={119},
  number={20},
  pages={200501},
  year={2017},
  publisher={APS}
}

@misc{Blocksphere,
author = {},
title = {Bloch sphere Qubit Quantum computing},
howpublished = {\url{https://www.pngwing.com/en/free-png-meydv/download}},
month = {},
year = {},
note = {(Accessed on 06/14/2022)}
}

@article{supremasiquantum,
  title={Quantum supremacy using a programmable superconducting processor},
  author={Arute, Frank and Arya, Kunal and Babbush, Ryan and Bacon, Dave and Bardin, Joseph C and Barends, Rami and Biswas, Rupak and Boixo, Sergio and Brandao, Fernando GSL and Buell, David A and others},
  journal={Nature},
  volume={574},
  number={7779},
  pages={505--510},
  year={2019},
  publisher={Nature Publishing Group}
}

@INPROCEEDINGS{Melinda,  
author={Ginting, Melinda Br and Anwar, Khoirul and Maryopi, Dick},  
booktitle={2021 IEEE Symposium On Future Telecommunication Technologies (SOFTT)},   
title={Constructing Quantum Surface Codes for Arbitrary Surface Forms},   
year={2021},  
volume={},  
number={},  
pages={75-80},  doi={10.1109/SOFTT54252.2021.9673515}}

@INPROCEEDINGS{QuanPolar,  
author={Dupuis, Frédéric and Goswami, Ashutosh and Mhalla, Mehdi and Savin, Valentin},  
booktitle={2019 IEEE Information Theory Workshop (ITW)},   title={Purely Quantum Polar Codes},   
year={2019},  
volume={},  
number={},  
pages={1-5},  
doi={10.1109/ITW44776.2019.8989387}}

@INPROCEEDINGS{LDPCQKD,  
author={Bilash, Bohdan and Park, Byung Kwon and Hoon Park, Chang and Han, Sang-Wook},  
booktitle={2020 International Conference on Information and Communication Technology Convergence (ICTC)},   title={Error-Correction Method Based on LDPC for Quantum Key Distribution Systems},   
year={2020},  
volume={},  
number={},  
pages={151-153},  
doi={10.1109/ICTC49870.2020.9289451}}

@INPROCEEDINGS{ShortAccumulate,  
author={Anwar, Khoirul and Ramadhan, Mujib and Trisetyarso, Agung},  
booktitle={2021 IEEE Symposium On Future Telecommunication Technologies (SOFTT)},   
title={Short Quantum Accumulate Codes with High Rate and Multiple Error Corrections Capability},   
year={2021},  
volume={},  
number={},  
pages={81-87},  doi={10.1109/SOFTT54252.2021.9673151}}


